<record><leader>00000cas a22000007a 4500</leader><controlfield tag="001">19253165</controlfield><controlfield tag="008">890223d1982198upauwr ne      0    0eng d</controlfield><datafield ind1=" " ind2=" " tag="010"><subfield code="a">sn 89077079 </subfield></datafield><datafield ind1=" " ind2=" " tag="040"><subfield code="a">NPH</subfield><subfield code="b">eng</subfield><subfield code="c">NPH</subfield><subfield code="d">OCLCQ</subfield></datafield><datafield ind1=" " ind2=" " tag="042"><subfield code="a">msc</subfield></datafield><datafield ind1="0" ind2="4" tag="245"><subfield code="a">The Pennsylvania times-citizen.</subfield></datafield><datafield ind1="1" ind2="3" tag="246"><subfield code="a">Times-citizen</subfield></datafield><datafield ind1=" " ind2=" " tag="260"><subfield code="a">Stoneboro, Pa. :</subfield><subfield code="b">Homegrown Communications Corp.,</subfield><subfield code="c">1982-</subfield></datafield><datafield ind1=" " ind2=" " tag="300"><subfield code="a">v. :</subfield><subfield code="b">ill.</subfield></datafield><datafield ind1=" " ind2=" " tag="310"><subfield code="a">Weekly</subfield></datafield><datafield ind1="0" ind2=" " tag="362"><subfield code="a">Vol. 1, no. 1 (Jan. 14, 1982)-</subfield></datafield><datafield ind1=" " ind2=" " tag="500"><subfield code="a">Published also in Cochranton, Pa.</subfield></datafield><datafield ind1=" " ind2=" " tag="500"><subfield code="a">"Serving the Cochranton, Sandy Lake and Stoneboro areas," &lt;1982&gt;.</subfield></datafield><datafield ind1=" " ind2=" " tag="752"><subfield code="a">United States</subfield><subfield code="b">Pennsylvania</subfield><subfield code="c">Mercer</subfield><subfield code="d">Stoneboro.</subfield></datafield><datafield ind1=" " ind2=" " tag="752"><subfield code="a">United States</subfield><subfield code="b">Pennsylvania</subfield><subfield code="c">Crawford</subfield><subfield code="d">Cochranton.</subfield></datafield><datafield ind1="0" ind2="4" tag="780"><subfield code="t">New Citizen (Lakeview, Pa.)</subfield></datafield><datafield ind1="0" ind2="4" tag="780"><subfield code="t">Cochranton times (Cochranton, Pa. : 1980)</subfield><subfield code="w">(DLC)sn 89077078</subfield></datafield></record>